<record><leader>00000cas a2200000 i 4500</leader><controlfield tag="001">839691462</controlfield><controlfield tag="006">m     o  d        </controlfield><controlfield tag="007">cr |||||||||||</controlfield><controlfield tag="008">130417d19091976wauwr ne      0   a0eng  </controlfield><datafield ind1=" " ind2=" " tag="010"><subfield code="a">  2013218743</subfield></datafield><datafield ind1=" " ind2=" " tag="040"><subfield code="a">DLC</subfield><subfield code="b">eng</subfield><subfield code="e">rda</subfield><subfield code="c">DLC</subfield><subfield code="d">DLC</subfield><subfield code="d">OCLCQ</subfield><subfield code="d">OCLCF</subfield></datafield><datafield ind1="0" ind2=" " tag="022"><subfield code="a">2328-4021</subfield><subfield code="2">1</subfield></datafield><datafield ind1=" " ind2=" " tag="042"><subfield code="a">pcc</subfield><subfield code="a">nsdp</subfield></datafield><datafield ind1=" " ind2=" " tag="043"><subfield code="a">n-us-wa</subfield></datafield><datafield ind1="1" ind2="0" tag="050"><subfield code="a">ISSN RECORD</subfield></datafield><datafield ind1="0" ind2="0" tag="082"><subfield code="a">071</subfield><subfield code="2">23</subfield></datafield><datafield ind1="0" ind2=" " tag="130"><subfield code="a">Labor journal (Everett, Wash. : Online)</subfield></datafield><datafield ind1=" " ind2="4" tag="222"><subfield code="a">The Labor journal</subfield><subfield code="b">(Everett, Wash. Online)</subfield></datafield><datafield ind1="1" ind2="4" tag="245"><subfield code="a">The labor journal.</subfield></datafield><datafield ind1=" " ind2="1" tag="264"><subfield code="a">Everett, Washington :</subfield><subfield code="b">News Publishing Co.</subfield></datafield><datafield ind1=" " ind2=" " tag="310"><subfield code="a">Weekly</subfield></datafield><datafield ind1=" " ind2=" " tag="336"><subfield code="a">text</subfield><subfield code="b">txt</subfield><subfield code="2">rdacontent</subfield></datafield><datafield ind1=" " ind2=" " tag="337"><subfield code="a">computer</subfield><subfield code="b">c</subfield><subfield code="2">rdamedia</subfield></datafield><datafield ind1=" " ind2=" " tag="338"><subfield code="a">online resource</subfield><subfield code="b">cr</subfield><subfield code="2">rdacarrier</subfield></datafield><datafield ind1="1" ind2=" " tag="362"><subfield code="a">Began in 1909; ceased in 1976.</subfield></datafield><datafield ind1=" " ind2=" " tag="500"><subfield code="a">Vols. for official paper of the Everett Trades Council; of the Central Labor Council of Everett; of the American Federation of Labor unions of Everett.</subfield></datafield><datafield ind1=" " ind2=" " tag="500"><subfield code="a">Publisher: Everett Central Labor Council Board of Control, &lt;1922&gt;.</subfield></datafield><datafield ind1=" " ind2=" " tag="530"><subfield code="a">Also issued in print.</subfield></datafield><datafield ind1=" " ind2=" " tag="588"><subfield code="a">Description based on: Vol. XIX, no. 1 (January 7, 1909); title from masthead (Chroniclingamerica.loc.gov, viewed Apr. 17, 2013).</subfield></datafield><datafield ind1=" " ind2=" " tag="588"><subfield code="a">Latest issue consulted: Vol. XXXI, no. 35 (December 29, 1922) (Chroniclingamerica.loc.gov, viewed Apr. 17, 2013).</subfield></datafield><datafield ind1=" " ind2="0" tag="650"><subfield code="a">Labor unions</subfield><subfield code="z">Washington (State)</subfield><subfield code="z">Everett</subfield><subfield code="v">Newspapers.</subfield></datafield><datafield ind1=" " ind2="0" tag="651"><subfield code="a">Everett (Wash.)</subfield><subfield code="v">Newspapers.</subfield></datafield><datafield ind1=" " ind2="7" tag="655"><subfield code="a">Newspapers.</subfield><subfield code="2">fast</subfield><subfield code="0">(OCoLC)fst01423814</subfield></datafield><datafield ind1=" " ind2="7" tag="650"><subfield code="a">Labor unions.</subfield><subfield code="2">fast</subfield><subfield code="0">(OCoLC)fst00990260</subfield></datafield><datafield ind1=" " ind2="7" tag="651"><subfield code="a">Washington (State)</subfield><subfield code="z">Everett.</subfield><subfield code="2">fast</subfield><subfield code="0">(OCoLC)fst01213637</subfield></datafield><datafield ind1="2" ind2=" " tag="710"><subfield code="a">Everett Trades Council.</subfield></datafield><datafield ind1="2" ind2=" " tag="710"><subfield code="a">Everett Central Labor Council (Wash.)</subfield></datafield><datafield ind1="2" ind2=" " tag="710"><subfield code="a">American Federation of Labor.</subfield></datafield><datafield ind1=" " ind2=" " tag="752"><subfield code="a">United States</subfield><subfield code="b">Washington</subfield><subfield code="c">Snohomish</subfield><subfield code="d">Everett.</subfield></datafield><datafield ind1="1" ind2=" " tag="776"><subfield code="t">Labor journal (Everett, Wash.)</subfield><subfield code="x">2328-4013</subfield><subfield code="w">(DLC)sn 88085620</subfield><subfield code="w">(OCoLC)18036796</subfield></datafield><datafield ind1="4" ind2="1" tag="856"><subfield code="u">http://www.loc.gov/chroniclingamerica/lccn/sn88085620/issues</subfield></datafield></record>